<collection xmlns="http://www.loc.gov/MARC21/slim">
<record>
  <leader>01824nam0a22003491i 450 </leader>
  <controlfield tag="001">IT\ICCU\CNCE\052254</controlfield>
  <controlfield tag="005">20110523000000.0</controlfield>
  <datafield tag="012" ind1=" " ind2=" ">
    <subfield code="a">od*c .1.6 4.us cees (3) 1600 (R)</subfield>
    <subfield code="2">fei</subfield>
  </datafield>
  <datafield tag="100" ind1=" " ind2=" ">
    <subfield code="a">20010730d1600        0itac0103    ba</subfield>
  </datafield>
  <datafield tag="101" ind1=" " ind2=" ">
    <subfield code="a">LAT</subfield>
  </datafield>
  <datafield tag="102" ind1=" " ind2=" ">
    <subfield code="a">IT</subfield>
  </datafield>
  <datafield tag="200" ind1="1" ind2=" ">
    <subfield code="a">Politicorum, siue De principatus administratione libri III. Theologice, iuridice, &amp; historice tractati. Authore Laelio Zecchio theol. et i.v. doct</subfield>
  </datafield>
  <datafield tag="210" ind1=" " ind2=" ">
    <subfield code="a">Veronae</subfield>
    <subfield code="c">Pauli Bochini expensis</subfield>
    <subfield code="d">1600</subfield>
    <subfield code="e">Veronae</subfield>
    <subfield code="g">apud Angelum Tamum</subfield>
    <subfield code="h">1600</subfield>
  </datafield>
  <datafield tag="215" ind1=" " ind2=" ">
    <subfield code="a">\16!, 332, \4! p.</subfield>
    <subfield code="d">8ʻ</subfield>
  </datafield>
  <datafield tag="620" ind1=" " ind2=" ">
    <subfield code="a">IT</subfield>
    <subfield code="d">Verona</subfield>
  </datafield>
  <datafield tag="700" ind1=" " ind2="1">
    <subfield code="a">Zecchi,</subfield>
    <subfield code="b">Lelio</subfield>
    <subfield code="3">IT\ICCU\CNCA\007081</subfield>
  </datafield>
  <datafield tag="712" ind1="0" ind2="0">
    <subfield code="a">Bocchino, Paolo</subfield>
    <subfield code="3">IT\ICCU\CNCT\003726</subfield>
    <subfield code="4">650</subfield>
  </datafield>
  <datafield tag="712" ind1="0" ind2="0">
    <subfield code="a">Tamo, Angelo</subfield>
    <subfield code="3">IT\ICCU\CNCT\000263</subfield>
    <subfield code="4">650</subfield>
  </datafield>
  <datafield tag="790" ind1=" " ind2="1">
    <subfield code="a">Zecchus,</subfield>
    <subfield code="b">Laelius</subfield>
    <subfield code="3">IT\ICCU\CNCA\025445</subfield>
    <subfield code="z">Zecchi, Lelio</subfield>
  </datafield>
  <datafield tag="790" ind1=" " ind2="1">
    <subfield code="a">Zecchius,</subfield>
    <subfield code="b">Laelius</subfield>
    <subfield code="3">IT\ICCU\CNCA\025454</subfield>
    <subfield code="z">Zecchi, Lelio</subfield>
  </datafield>
  <datafield tag="791" ind1="0" ind2="0">
    <subfield code="a">Bochinus, Paulus</subfield>
    <subfield code="3">IT\ICCU\CNCT\003730</subfield>
    <subfield code="z">Bocchino, Paolo</subfield>
  </datafield>
  <datafield tag="791" ind1="0" ind2="0">
    <subfield code="a">Bochini, Paolo</subfield>
    <subfield code="3">IT\ICCU\CNCT\004413</subfield>
    <subfield code="z">Bocchino, Paolo</subfield>
  </datafield>
  <datafield tag="791" ind1="0" ind2="0">
    <subfield code="a">Tamus, Angelus</subfield>
    <subfield code="3">IT\ICCU\CNCT\005567</subfield>
    <subfield code="z">Tamo, Angelo</subfield>
  </datafield>
  <datafield tag="801" ind1=" " ind2="3">
    <subfield code="a">IT</subfield>
    <subfield code="b">ICCU</subfield>
    <subfield code="c">20201115</subfield>
  </datafield>
  <datafield tag="899" ind1=" " ind2=" ">
    <subfield code="a">Biblioteca civica A. Mai. Bergamo</subfield>
    <subfield code="1">BG0026</subfield>
    <subfield code="2">LO1 02</subfield>
  </datafield>
  <datafield tag="899" ind1=" " ind2=" ">
    <subfield code="a">Biblioteca universitaria. Bologna</subfield>
    <subfield code="1">BO0098</subfield>
    <subfield code="2">UBO BU</subfield>
  </datafield>
  <datafield tag="899" ind1=" " ind2=" ">
    <subfield code="a">Biblioteca regionale universitaria. Messina</subfield>
    <subfield code="1">ME0050</subfield>
    <subfield code="2">PAL BM</subfield>
  </datafield>
  <datafield tag="899" ind1=" " ind2=" ">
    <subfield code="a">Biblioteca Estense Universitaria. Modena</subfield>
    <subfield code="1">MO0089</subfield>
    <subfield code="2">MOD BE</subfield>
  </datafield>
  <datafield tag="899" ind1=" " ind2=" ">
    <subfield code="a">Biblioteca comunale Passerini Landi. Piacenza</subfield>
    <subfield code="1">PC0030</subfield>
    <subfield code="2">PIA PL</subfield>
  </datafield>
  <datafield tag="899" ind1=" " ind2=" ">
    <subfield code="a">Biblioteca civica. Verona</subfield>
    <subfield code="1">VR0059</subfield>
    <subfield code="2">ZVR 02</subfield>
  </datafield>
  <datafield tag="911" ind1=" " ind2=" ">
    <subfield code="a">In fine</subfield>
    <subfield code="9">IT\ICCU\CNCM\000944</subfield>
  </datafield>
  <datafield tag="921" ind1=" " ind2=" ">
    <subfield code="a">IT\ICCU\CNCM\000944</subfield>
    <subfield code="b">Nido su albero con uccello che guarda verso il vento che soffia. In cornice figurata. In basso, in ovale un orso e tre stelle.</subfield>
    <subfield code="e">Hoc flante citius</subfield>
    <subfield code="c">V545</subfield>
    <subfield code="c">Z898</subfield>
    <subfield code="d">Dimensioni: 6 x 7</subfield>
    <subfield code="f">HOCFLANTEC</subfield>
    <subfield code="f">NIDO</subfield>
    <subfield code="f">UCCELLO</subfield>
    <subfield code="f">ORSO</subfield>
    <subfield code="f">VENTO</subfield>
    <subfield code="g">1598-1600</subfield>
  </datafield>
</record>
</collection>
